/home/jdranczewski/Documents/BibTeX/MyLibrary2.bib